<?xml version="1.0" encoding="UTF-8"?><collection xmlns="http://www.loc.gov/MARC21/slim"><record><leader>00402nam--2200133-i-4500</leader><controlfield tag="001">000019635</controlfield><controlfield tag="002">20161230</controlfield><controlfield tag="005">20161230201033</controlfield><controlfield tag="008">060222s1000------------r-----000-0-eng-d</controlfield><datafield ind1=" " ind2=" " tag="080"><subfield code="a">530.145(043)</subfield></datafield><datafield ind1=" " ind2=" " tag="100"><subfield code="a">Dubois,Violette Michel</subfield></datafield><datafield ind1=" " ind2=" " tag="245"><subfield code="a">Sur les algebres involutives et la theorie quantique des champs.these</subfield></datafield><datafield ind1=" " ind2=" " tag="260"><subfield code="a">Paris, Orsay, L Universite De Paris Xi D Orsay, 1975./Dif.P.</subfield></datafield><datafield ind1=" " ind2=" " tag="852"><subfield code="a">44095</subfield></datafield></record></collection>